@ARTICLE{IEEE754,
journal={IEEE Std 754-2008},
title={{IEEE} {Standard} for {Floating-Point} {Arithmetic}},
year={2008},
month={Aug},
pages={1-70},
keywords={IEEE standards;floating point arithmetic;programming;IEEE standard;arithmetic formats;computer programming;decimal floating-point arithmetic;754-2008;NaN;arithmetic;binary;computer;decimal;exponent;floating-point;format;interchange;number;rounding;significand;subnormal},
doi={10.1109/IEEESTD.2008.4610935},}

@Book{DragonBook,
  author = 	 {Alfred V. Aho and Monica S. Lam and Ravi Sethi and Jeffrey D. Ullman},
  ALTeditor = 	 {},
  title = 	 {Compilers: Principles, Techniques, and Tools (2nd Edition) 2nd Edition},
  publisher = 	 {Addison Wesley},
  year = 	 {2006},
  OPTkey = 	 {},
  OPTvolume = 	 {},
  OPTnumber = 	 {},
  OPTseries = 	 {},
  OPTaddress = 	 {},
  OPTedition = 	 {},
  OPTmonth = 	 {},
  OPTnote = 	 {},
  OPTannote = 	 {}
}


@Book{Tanenbaum,
  author = 	 {Andrew Tanenbaum},
  ALTeditor = 	 {},
  title = 	 {Architecture de l'ordinateur, 4ième édition},
  publisher = 	 {Dunod},
  year = 	 {2001},
  OPTkey = 	 {},
  OPTvolume = 	 {},
  OPTnumber = 	 {},
  OPTseries = 	 {},
  OPTaddress = 	 {},
  OPTedition = 	 {},
  OPTmonth = 	 {},
  OPTnote = 	 {},
  OPTannote = 	 {}
}
@Book{Cazes,
  author = 	 {Alain Cazes, Joelle Delacroix},
  ALTeditor = 	 {},
  title = 	 {Architecture des machines et des systèmes informatiques, 4ième édition},
  publisher = 	 {Dunod},
  year = 	 {2003},
  OPTkey = 	 {},
  OPTvolume = 	 {},
  OPTnumber = 	 {},
  OPTseries = 	 {},
  OPTaddress = 	 {},
  OPTedition = 	 {},
  OPTmonth = 	 {},
  OPTnote = 	 {},
  OPTannote = 	 {}
}
@Book{Patterson,
  author = 	 {David Patterson and John Hennessy},
  ALTeditor = 	 {},
  title = 	 {Computer organization and designed : the hardware/software interface, 3rd edition},
  publisher = 	 {Morgan Kaufmann},
  year = 	 {2007},
  OPTkey = 	 {},
  OPTvolume = 	 {},
  OPTnumber = 	 {},
  OPTseries = 	 {},
  OPTaddress = 	 {},
  OPTedition = 	 {},
  OPTmonth = 	 {},
  OPTnote = 	 {},
  OPTannote = 	 {}
}


@Misc{ChrisTernam,
  OPTkey = 	 {},
  OPTauthor = 	 {},
  title = 	 {Online video lectures, MIT 6.004, Chris Ternam \url{https://www.youtube.com/user/Cjtatmitdotedu}},
  OPThowpublished = {},
  OPTmonth = 	 {},
  OPTyear = 	 {},
  OPTnote = 	 {},
  OPTannote = 	 {}
}



@Misc{FamillesLogiques,
  OPTkey = 	 {},
  OPTauthor = 	 {},
  title = 	 {Description des niveaux de tension pour coder des niveaux logiques et acronymes des composants logiques \url{http://www.interfacebus.com/voltage_threshold.html}},
  OPThowpublished = {},
  OPTmonth = 	 {},
  OPTyear = 	 {},
  OPTnote = 	 {},
  OPTannote = 	 {}
}

@Misc{ArithBinaire,
title = {Algorithmes d'arithmétique binaire \url{http://www.ecs.umass.edu/ece/koren/arith/simulator/}}
}